<?xml version="1.0" encoding="UTF-8"?><collection xmlns="http://www.loc.gov/MARC21/slim"><record><leader>00399nam--2200121-i-4500</leader><controlfield tag="001">000041833</controlfield><controlfield tag="002">20161230</controlfield><controlfield tag="005">20161230201043</controlfield><controlfield tag="008">060222s1000------------r-----000-0-eng-d</controlfield><datafield ind1=" " ind2=" " tag="100"><subfield code="a">Slater Margaret</subfield></datafield><datafield ind1=" " ind2=" " tag="245"><subfield code="a">Technical libraries:users and their demands. a classification of user groups and user demands in technical libraries</subfield></datafield><datafield ind1=" " ind2=" " tag="260"><subfield code="a">London, Aslib Research Department, 1964. 126 P</subfield></datafield><datafield ind1=" " ind2=" " tag="852"><subfield code="a">22087</subfield></datafield></record></collection>